@TechReport{avancoetal/2013,
    author={Avan{\c{c}}o, Lucas Amarante and Sapucci, Luiz Fernando and Souza, D{\'e}rek Schubert Val{\'e}rio de and Dias, Paulo Henrique Diniz and Reis, Marcelo Augusto dos},
    title={Assimila{\c{c}}{\~a}o de Dados de R{\'a}dio Oculta{\c{c}}{\~a}o {GNSS} no {LETKF}: Disponibilidade de Dados e Implementa{\c{c}}{\~a}o de um Operador.},
    institution={Instituto Nacional de Pesquisas Espaciais},
    type={RPQ},
    address={S{\~a}o Jos{\'e} dos Campos},
    keywords={RO--GNSS, Assimila{\c{c}}{\~a}o de Dados, R{\'a}dio Oculta{\c{c}}{\~a}o, LETKF, Operador, ROPP, GNSS.},
    url={http://urlib.net/sid.inpe.br/mtc-m19/2013/11.06.18.49},
    year={2013},                          
    urlaccessdate={18 nov. 2013}
}

@article{adleretal/2003,
    author={Robert F.  Adler  and  George J.  Huffman  and  Alfred  Chang  and  Ralph  Ferraro  and  Ping-Ping  Xie  and  John  Janowiak  and  Bruno  Rudolf  and  Udo  Schneider  and  Scott  Curtis  and  David  Bolvin  and  Arnold  Gruber  and  Joel  Susskind  and  Philip  Arkin  and  Eric  Nelkin },
    title={The Version--2 Global Precipitation Climatology Project (GPCP) Monthly Precipitation {A}nalysis (1979--{P}resent).},
    journal={Journal of Hydrometeorology},
    volume={4},
    number={6},
    pages={1147-1167},
    year={2003},
    doi={10.1175/1525-7541(2003)004<1147:TVGPCP>2.0.CO;2},
    URL={http://dx.doi.org/10.1175/1525-7541(2003)004<1147:TVGPCP>2.0.CO;2},
    eprint={http://dx.doi.org/10.1175/1525-7541(2003)004<1147:TVGPCP>2.0.CO;2}
}

@MastersThesis{araujo/2015,
    author={Araujo, Leonardo Ribeiro Paraiso},
    title={Os Efeitos das Parametriza{\c{c}}{\~o}es do Comprimento de Rugosidade T{\'e}rmica na Simula{\c{c}}{\~a}o da Temperatura de Superf{\'i}cie Terrestre no Modelo SSiB do G3DVar.},
    school={Instituto Nacional de Pesquisas Espaciais (INPE)},
    year={2015},
    address={S{\~a}o Jos{\'e} dos Campos},
    month={2015-10-01},
    keywords={comprimento de rugosidade t{\'e}rmico, temperatura de superf{\'i}cie terrestre, fluxos de calor, thermal roughness length, heat flux, Land Surface Temperature.},
    committee={Sapucci, Luiz Fernando (presidente) and Gon{\c{c}}alves, Luis Gustavo Gon{\c{c}}alves de (orientador) and Roberti, D{\'e}bora Regina},
    copyholder={SID/SCD},
    englishtitle={The effects of the thermal roughness length parameterization in the land surface temperature simulation in the SSiB model of G3DVar},
    language={pt},
    pages={136},
    url={http://urlib.net/sid.inpe.br/mtc-m21b/2015/09.04.15.21},
    targetfile={publicacao.pdf},
    urlaccessdate={17 jun. 2017}
}

@InProceedings{aravequia/2008,
    author={Arav{\'e}quia, Jos{\'e} Antonio},
    affiliation={Instituto Nacional de Pesquisas Espaciais (INPE/CPTEC)},
    title={A Assimila{\c{c}}{\~a}o de Radi{\^a}ncias no Filtro de Kalman Local por Conjunto.},
    year={2008},
    organization={Congresso Brasileiro de Meteorologia, 15.},
    keywords={assimila{\c{c}}{\~a}o de dados, dados de sat{\'e}lite, modelos de transfer{\^e}ncia radiativa, Filtro de Kalman.},
    conference-location={S{\~a}o Paulo},
    conference-year={24-29 ago},
    language={pt},
    url={http://urlib.net/sid.inpe.br/mtc-m18@80/2008/07.18.13.38},
    urlaccessdate={18 nov. 2013}
}

@article{arribas/2005,
    author={Arribas, A. and Robertson, K. B. and Mylne, K. R.},
    title={Test of a Poor Man's Ensemble Prediction System for Short--Range Probability Forecasting.},
    journal={Monthly Weather Review},
    volume={133},
    number={7},
    pages={1825-1839},
    year={2005},
    doi={10.1175/MWR2911.1},
    URL={https://doi.org/10.1175/MWR2911.1},
    eprint={https://doi.org/10.1175/MWR2911.1}
}

@MastersThesis{azevedo/2014,
    author={Azevedo, Helena Barbieri de},
    title={Uso da T{\'e}cnica de OSE para Avaliar o Impacto de Observa{\c{c}}{\~o}es no Sistema de Assimila{\c{c}}{\~a}o de Dados Global Variacional Tridimensional do CPTEC/INPE.},
    school={Instituto Nacional de Pesquisas Espaciais (INPE)},
    year={2014},
    address={S{\~a}o Jos{\'e} dos Campos},
    month={2014-05-16},
    keywords={assimila{\c{c}}{\~a}o de dados, impacto de observa{\c{c}}{\~a}o, PNT, data assimilation, impact observation, PNT.},
    committee={Herdies, Dirceu Luis (presidente) and Gon{\c{c}}alves, Luis Gustavo Gon{\c{c}}alves de (orientador) and Silva, Arlindo da and Souza, Rita Val{\'e}ria Andreoli de},
    englishtitle={Using the technique OSE for assessing impact of observations on the global data assimilation system variational three dimensional CPTEC / INPE},
    language={pt},
    pages={142},
    url={http://urlib.net/sid.inpe.br/mtc-m18/2014/05.07.17.54},
    targetfile={publicacao.pdf},
    urlaccessdate={17 jun. 2017}
}

@article {bergthorssonedoos/1955,
    author={Bergth{\'o}rsson, P{\'a}ll and D{\"o}{\"o}s, Bo R.},
    title={Numerical Weather Map Analysis.},
    journal={Tellus},
    volume={7},
    number={3},
    publisher={Blackwell Publishing Ltd},
    issn={2153--3490},
    url={http://dx.doi.org/10.1111/j.2153-3490.1955.tb01170.x},
    doi={10.1111/j.2153-3490.1955.tb01170.x},
    pages={329--340},
    year={1955}
}

@article{bishopetal/2001,
    Author={Bishop, Craig H. and Etherton, Brian J. and Majumdar, Sharanya J.},
    Booktitle={Monthly Weather Review},
    Date={2001/03/01},
    Doi={10.1175/1520-0493(2001)129<0420:ASWTET>2.0.CO;2},
    Isbn={0027--0644},
    Journal={Monthly Weather Review},
    Month={2013/11/18},
    Number={3},
    Pages={420--436},
    Publisher={American Meteorological Society},
    Title={Adaptive Sampling with the Ensemble Transform Kalman Filter. Part I: Theoretical Aspects.},
    Ty={JOUR},
    Url={http://dx.doi.org/10.1175/1520-0493(2001)129<0420:ASWTET>2.0.CO;2},
    Volume={129},
    Year={2001},
}

@article{buehner/2005,
    Author={Buehner, Mark},
    Doi={10.1256/qj.04.15},
    Issn={1477--870X},
    Journal={Quarterly Journal of the Royal Meteorological Society},
    Keywords={3D--Var, Correlation localization, Ensemble Kalman filter},
    Number={607},
    Pages={1013--1043},
    Publisher={John Wiley {\&} Sons, Ltd.},
    Title={Ensemble--derived Stationary and Flow--Dependent Background--Error Covariances: Evaluation in a Quasi--Operational NWP Setting.},
    Url={http://dx.doi.org/10.1256/qj.04.15},
    Volume={131},
    Year={2005},
    Bdsk-Url-1={http://dx.doi.org/10.1256/qj.04.15}
}

@Article{cavalcantietal/2002,
    author={Cavalcanti, Iracema Fonseca de Albuquerque and Marengo, Jos{\'e} Antonio and Prakki, Satyamurty and Nobre, Carlos Afonso and Trosnikov, Igor and Bonatti, Jos{\'e} Paulo and Manzi, Antonio Ocimar and Tarasova, Tatiana and Pezzi, Luciano Ponzi and D'Almeida, Cassiano and Sampaio, Gilvan and Castro, Christopher Alexander Cunningham and Sanches, Marcos Barbosa and Camargo, Helio},
    title={Global Climatological Features in a Simulation using the CPTEC--COLA AGCM.},
    journal={Journal of Climate},
    year={2002},
    volume={15},
    number={21},
    pages={2965--2988},
    month={Nov.},
    keywords={estudo do tempo e do clima, general--circulation model, community--climate--model, sea, surface temperature, atmospheric model, intercomparison project, gcm simulations, biosphere model, energy budget, variability, parameterization.},
    issn={0894--8755},
    language={en},
    url={http://urlib.net/sid.inpe.br/iris@1915/2005/05.05.11.19},
    urlaccessdate={18 nov. 2013}
}

@article{chepurinetal/2005,
    author={Gennady A. Chepurin and James A. Carton and Dick Dee},
    title={Forecast Model Bias Correction in Ocean Data Assimilation},
    journal={Monthly Weather Review},
    volume={133},
    number={5},
    pages={1328-1342},
    year={2005},
    doi={10.1175/MWR2920.1},
    URL={http://dx.doi.org/10.1175/MWR2920.1},
    eprint={http://dx.doi.org/10.1175/MWR2920.1}
}

@book{chou/1999,
    title={A Solar Radiation Parameterization for Atmospheric Studies.},
    author={Chou, M.D.},
    series={NASA technical memorandum},
    url={https://books.google.com.br/books?id=\_gYbvgAACAAJ},
    year={1999}
}

@PhDThesis{cintra/2010,
    author={Cintra, Ros{\^a}ngela Saher Corr{\^e}a},
    title={Assimila{\c{c}}{\~a}o de Dados com Redes Neurais Artificiais em Modelo de Circula{\c{c}}{\~a}o Geral da Atmosfera.},
    school={Instituto Nacional de Pesquisas Espaciais},
    year={2010},
    address={S{\~a}o Jos{\'e} dos Campos},
    month={2010-09-27},
    keywords={assimila{\c{c}}{\~a}o de dados, redes neurais artificiais, previs{\~a}o num{\'e}rica de tempo, perceptron de multiplas camadas, modelo de circula{\c{c}}{\~a}o geral, data assimilation, numerical weather predicition, artificialneural networks, multilayer perceptron, general circulation model.},
    committee={Macau, Elbert Einstein Nehrer (presidente) and Velho, Haroldo Fraga de Campos (orientador) and Silva, Jos{\'e} Demisio Sim{\~o}es da and Arav{\'e}quia, Jos{\'e} Ant{\^o}nio and Dias, Pedro Leite da Silva and Araujo, Aluizio Fausto Ribeiro},
    copyholder={SID/SCD},
    englishtitle={Data assimilation with artificial neural networks in atmospheric general circulation model},
    language={pt},
    pages={200},
    url={http://urlib.net/sid.inpe.br/mtc-m19/2010/09.20.14.46},
    targetfile={publicacao.pdf},
    urlaccessdate={17 jun. 2017}
}

@article{claytonetal/2012,
    Author={Clayton, A. M. and Lorenc, A. C. and Barker, D. M.},
    Doi={10.1002/qj.2054},
    Issn={1477--870X},
    Journal={Quarterly Journal of the Royal Meteorological Society},
    Keywords={background error covariance, covariance localization, MOGREPS},
    Number={675},
    Pages={1445--1461},
    Publisher={John Wiley {\&} Sons, Ltd.},
    Title={Operational Implementation of a Hybrid Ensemble/{4D}--Var Global Data Assimilation System at the Met Office.},
    Url={http://dx.doi.org/10.1002/qj.2054},
    Volume={139},
    Year={2012},
    Bdsk-Url-1={http://dx.doi.org/10.1002/qj.2054}
}

@book{climanalise/2013,
    title={Boletim de Monitoramento e An{\'a}lise Clim{\'a}tica para Janeiro de 2013},
    author={Cavalcanti, I. F. A. and Setzer, A. W. and de Quadro, A. F. L. and de Melo, A. B. C. and Bottino, M. J. and Carpenedo, C. B. and de Calbete, N. O. and Lemos, C. F. and Satyamurty, P. and Aquino, F. E. and Simanoglu, R. A. and Machado, L. H. R. and Caram, R. O.},
    number={1},
    volume={28},
    series={Boletim Climan{\'a}lise},
    url={http://climanalise.cptec.inpe.br/~rclimanl/boletim/},
    issn={0103-0019 CDU-555},
    year={2013}
}

@article{corazzaetal/2003,
    author={Corazza, M. and Kalnay, E. and Patil, D. J. and Yang, S.-C. and Morss, R. and Cai, M. and Szunyogh, I. and Hunt, B. R. and Yorke, J. A.},
    title={Use of the Breeding Technique to Estimate the Structure of the Analysis ``errors of the day''.},
    journal={Nonlinear Processes in Geophysics},
    volume={10},
    year={2003},
    number={3},
    pages={233--243},
    url={http://www.nonlin-processes-geophys.net/10/233/2003/},
    doi={10.5194/npg-10-233-2003}
}

@article{courtieretal/1994,
    title={A Strategy for Operational Implementation of {4D--V}ar, using an Incremental Approach.},
    author={Courtier, Philippe and Th{\'e}paut, J-N and Hollingsworth, A},
    journal={Quarterly Journal of the Royal Meteorological Society},
    volume={120},
    number={519},
    pages={1367--1387},
    year={1994},
    publisher={Wiley Online Library}
}

@article{cressman/1959,
    author={Cressman, G. P.},
    title={An Operational Objective Analysis System.},
    journal={Monthly Weather Review},
    volume={87},
    number={10},
    pages={367--374},
    year={1959},
    doi={10.1175/1520-0493(1959)087<0367:AOOAS>2.0.CO;2},
    URL={http://dx.doi.org/10.1175/1520-0493(1959)087<0367:AOOAS>2.0.CO;2},
    eprint={http://dx.doi.org/10.1175/1520-0493(1959)087<0367:AOOAS>2.0.CO;2}
}

@book{dahlquistandbjorck/1974,
    title={Numerical Methods.},
    author={Dahlquist, G. and Bj{\"o}rck, {\AA}.},
    isbn={9780486428079},
    lccn={2002072867},
    series={Dover Books on Mathematics},
    year={1974},
    publisher={Dover Publications}
}

@book{daley/1996,
    title={Atmospheric Data Analysis.},
    author={Daley, R.},
    isbn={9780521458252},
    lccn={90002441},
    series={Cambridge Atmospheric and Space Science Series},
    year={1996},
    publisher={Cambridge University Press}
}

@article{desroziers/1997,
    author={G{\'e}rald  Desroziers},
    title={A Coordinate Change for Data Assimilation in Spherical Geometry of Frontal Structures.},
    journal={Monthly Weather Review},
    volume={125},
    number={11},
    pages={3030-3038},
    year={1997},
    doi={10.1175/1520-0493(1997)125<3030:ACCFDA>2.0.CO;2},
    URL={http://dx.doi.org/10.1175/1520-0493(1997)125<3030:ACCFDA>2.0.CO;2},
    eprint={http://dx.doi.org/10.1175/1520-0493(1997)125<3030:ACCFDA>2.0.CO;2}
}

@MastersThesis{diniz/2012,
    author={Diniz, F{\'a}bio Luiz Rodrigues},
    title={Impacto das Observa{\c{c}}{\~o}es nas Previs{\~o}es de Curto Prazo.},
    school={Instituto Nacional de Pesquisas Espaciais (INPE)},
    year={2012},
    address={S{\~a}o Jos{\'e} dos Campos},
    month={2012-12-14},
    keywords={meteorologia, assimila{\c{c}}{\~a}o de dados, impacto das observa{\c{c}}{\~o}es, meteorology, data assimilation, observation impact.},
    language={pt},
    pages={138},
    url={http://urlib.net/sid.inpe.br/mtc-m19/2012/11.29.01.27},
    urlaccessdate={18 nov. 2013}
}

@article{ebert/2001,
    author={Elizabeth E. Ebert},
    title={Ability of a Poor Man's Ensemble to Predict the Probability and Distribution of Precipitation.},
    journal={Monthly Weather Review},
    volume={129},
    number={10},
    pages={2461-2480},
    year={2001},
    doi={10.1175/1520-0493(2001)129<2461:AOAPMS>2.0.CO;2},
    URL={https://doi.org/10.1175/1520-0493(2001)129<2461:AOAPMS>2.0.CO;2},
    eprint={https://doi.org/10.1175/1520-0493(2001)129<2461:AOAPMS>2.0.CO;2}
}

@Misc{elakkraouietodling/2013,
  	author={Todling, Ricardo and El Akkraoui, Amal},
  	title={GMAO HYBRID ENSEMBLE 3D-VAR.},
  	year={2013},
  	url={http://www.birs.ca/workshops/2013/13w5139/files/amal\_banff\_gmao\_hyb3dvar.pdf},
  	organization={GMAO/NASA},
  	publisher={Banff International Research Station}
}

@article {epstein/1969,
    author={Epstein, Edward S.},
    title={Stochastic-Dynamic Prediction.},
    journal={Tellus},
    volume={21},
    number={6},
    publisher={Blackwell Publishing Ltd},
    issn={2153-3490},
    url={http://dx.doi.org/10.1111/j.2153-3490.1969.tb00483.x},
    doi={10.1111/j.2153-3490.1969.tb00483.x},
    pages={739--759},
    year={1969}
}

@article{ethertonebishop/2004,
    Author={Etherton, Brian J. and Bishop, Craig H.},
    Booktitle={Monthly Weather Review},
    Date={2004/05/01},
    Doi={10.1175/1520-0493(2004)132<1065:ROHDAS>2.0.CO;2},
    Isbn={0027-0644},
    Journal={Monthly Weather Review},
    Month={2013/11/18},
    Number={5},
    Pages={1065--1080},
    Publisher={American Meteorological Society},
    Title={Resilience of Hybrid Ensemble/{3DVAR} Analysis Schemes to Model Error and Ensemble Covariance Error.},
    Ty={JOUR},
    Url={http://dx.doi.org/10.1175/1520-0493(2004)132<1065:ROHDAS>2.0.CO;2},
    Volume={132},
    Year={2004},
}

@article{evensen/1994,
    author={Evensen, Geir},
    title={Sequential Data Assimilation with a Nonlinear Quasi-Geostrophic Model using Monte Carlo Methods to forecast Error Statistics.},
    journal={Journal of Geophysical Research: Oceans},
    volume={99},
    number={C5},
    issn={2156-2202},
    url={http://dx.doi.org/10.1029/94JC00572},
    doi={10.1029/94JC00572},
    pages={10143--10162},
    keywords={Oceanography: General: Ocean prediction, Numerical modeling},
    year={1994}
}

@article{evensen/2003,
    author={Evensen, Geir},
    title={The Ensemble Kalman Filter: Theoretical Formulation and Practical Implementation.},
    journal={Ocean Dynamics},
    year={2003},
    volume={53},
    number={4},
    pages={343--367},
    issn={1616-7228},
    doi={10.1007/s10236-003-0036-9},
    url={http://dx.doi.org/10.1007/s10236-003-0036-9}
}

@book{evensen/2009,
    title={Data Assimilation: The Ensemble Kalman Filter.},
    author={Evensen, Geir},
    year={2009},
    publisher={Springer}
}

@article{figueroaetal/2016,
    author={Figueroa, S. N. and Bonatti, J. P. and Kubota, P. Y. and Grell, G. A. and Morrison, H. and Barros, S. R. M. and Fernandez, J. P. R. and Ramirez, E. and Siqueira, L. and Luzia, G. and Silva, J. and Silva, J. R. and Pendharkar, J. and  Capistrano, V. B. and Alvim, D. S. and Enor{\'e}, D. P. and Diniz, F. L. R. and Satyamurti, P. and Cavalcanti, I. F. A. and Nobre, P. and Barbosa, H. M. J. and Mendes, C. L. and Panetta, J.},
    title={The Brazilian Global Atmospheric Model ({BAM}): Performance for Tropical Rainfall Forecasting and Sensitivity to Convective Scheme and Horizontal Resolution.},
    journal={Weather and Forecasting},
    volume={31},
    number={5},
    pages={1547-1572},
    year={2016},
    doi={10.1175/WAF-D-16-0062.1},
    URL={http://dx.doi.org/10.1175/WAF-D-16-0062.1},
    eprint={http://dx.doi.org/10.1175/WAF-D-16-0062.1}
}

@inproceedings{fisher/2003,
    title={Background Error Covariance Modelling.},
    author={Fisher, Mike},
    booktitle={Seminar on Recent Development in Data Assimilation for Atmosphere and Ocean},
    pages={45--63},
    year={2003}
}

@article{fletcheretal/2010,
    title={Flow-Dependent Balance Conditions for Incremental Data Assimilation: Elliptic Operators.},
    author={Fletcher, SJ and Nichols, NK and Roulstone, I},
    year={2010}
}

@article {gilchristecressman/1954,
    author={Gilchrist, B. and Cressman, G. P.},
    title={An Experiment in Objective Analysis.},
    journal={Tellus},
    volume={6},
    number={4},
    publisher={Blackwell Publishing Ltd},
    issn={2153-3490},
    url={http://dx.doi.org/10.1111/j.2153-3490.1954.tb01126.x},
    doi={10.1111/j.2153-3490.1954.tb01126.x},
    pages={309--318},
    year={1954}
}

@inproceedings{gillijinsetal/2006,
    author={S. Gillijns and O. B. Mendoza and J. Chandrasekar and B. L. R. De Moor and D. S. Bernstein and A. Ridley},
    booktitle={2006 American Control Conference},
    title={What is the Ensemble Kalman Filter and How Well Does it Work?.},
    year={2006},
    pages={6 pp.-},
    keywords={Kalman filters;Monte Carlo methods;estimation theory;nonlinear filters;weather forecasting;Monte Carlo;ensemble Kalman filter algorithm;ensemble size;estimation accuracy;nonlinear Kalman filtering;weather forecasting;Covariance matrix;Gaussian noise;Jacobian matrices;Linear systems;Nonlinear dynamical systems;Nonlinear systems;Particle filters;Riccati equations;State estimation;Weather forecasting},
    doi={10.1109/ACC.2006.1657419},
    ISSN={0743-1619},
    month={June}
}

@article{grell/1993,
    author={Georg A.  Grell},
    title={Prognostic Evaluation of Assumptions Used by Cumulus Parameterizations.},
    journal={Monthly Weather Review},
    volume={121},
    number={3},
    pages={764-787},
    year={1993},
    doi={10.1175/1520-0493(1993)121<0764:PEOAUB>2.0.CO;2},
    URL={http://dx.doi.org/10.1175/1520-0493(1993)121<0764:PEOAUB>2.0.CO;2},
    eprint={http://dx.doi.org/10.1175/1520-0493(1993)121<0764:PEOAUB>2.0.CO;2}
}

@TechReport{griffithenichols/1994,
    author={A. K. Griffith and N. K. Nichols},
    title={Data Assimilation using Observers.},
    institution={University of Reading},
    year={1994},
    url={https://www.reading.ac.uk/web/files/maths/11-94.pdf},
    urlaccessdate={17 Abril 2017}
}

@article{hamillesnyder/2000,
    Author={Hamill, Thomas M. and Snyder, Chris},
    Booktitle={Monthly Weather Review},
    Date={2000/08/01},
    Isbn={0027-0644},
    Journal={Monthly Weather Review},
    Month={2013/11/18},
    Number={8},
    Pages={2905--2919},
    Publisher={American Meteorological Society},
    Title={A Hybrid Ensemble Kalman Filter--{3D} Variational Analysis Scheme.},
    Ty={JOUR},
    Url={http://dx.doi.org/10.1175/1520-0493(2000)128<2905:AHEKFV>2.0.CO;2},
    Volume={128},
    Year={2000},
    Bdsk-Url-1={http://dx.doi.org/10.1175/1520-0493(2000)128\%3C2905:AHEKFV\%3E2.0.CO;2}
}

@article{harlimehunt/2005,
    author={John Harlim and Brian R. Hunt},
    title={Local Ensemble Transform Kalman Filter: An Efficient Scheme for Assimilating Atmospheric Data.},
    url={https://www.atmos.umd.edu/\~ekalnay/pubs/harlim\_hunt05.pdf},
    year={2005}
}

@article{harshvardhanetal/1987,
    author={Harshvardhan and Davies, Roger and Randall, David A. and Corsetti, Thomas G.},
    title={A Fast Radiation Parameterization for Atmospheric Circulation Models.},
    journal={Journal of Geophysical Research: Atmospheres},
    volume={92},
    number={D1},
    issn={2156-2202},
    url={http://dx.doi.org/10.1029/JD092iD01p01009},
    doi={10.1029/JD092iD01p01009},
    pages={1009--1016},
    keywords={Meteorology and Atmospheric Dynamics: General circulation, Meteorology and Atmospheric Dynamics: Radiative processes},
    year={1987}
}

@article{haydenepurser/1995,
    author={Christopher M. Hayden  and  R. James  Purser},
    title={Recursive Filter Objective Analysis of Meteorological Fields: Applications to {NESDIS} Operational Processing.},
    journal={Journal of Applied Meteorology},
    volume={34},
    number={1},
    pages={3-15},
    year={1995},
    doi={10.1175/1520-0450-34.1.3},
    URL={http://dx.doi.org/10.1175/1520-0450-34.1.3},
    eprint={http://dx.doi.org/10.1175/1520-0450-34.1.3}
}

@article{herdiesetal/2002,
    author={Herdies, Dirceu L. and da Silva, Arlindo and Silva Dias, Maria A. F. and Nieto Ferreira, Rosana},
    title={Moisture Budget of the Bimodal Pattern of the Summer Circulation over South America.},
    journal={Journal of Geophysical Research: Atmospheres},
    volume={107},
    number={D20},
    issn={2156-2202},
    url={http://dx.doi.org/10.1029/2001JD000997},
    doi={10.1029/2001JD000997},
    pages={LBA 42-1--LBA 42-10},
    keywords={Meteorology and Atmospheric Dynamics: Synoptic-scale meteorology, Meteorology and Atmospheric    Dynamics: Tropical meteorology, Meteorology and Atmospheric Dynamics: Numerical modeling and data assimilation},
    year={2002},
    note={8075}
}

@article {hoffmanekalnay/1983,
    author={Hoffman, Ross N. and Kalnay, Eugenia},
    title={Lagged Average Forecasting, an alternative to Monte Carlo Forecasting.},
    journal={Tellus A},
    volume={35A},
    number={2},
    publisher={Blackwell Publishing Ltd},
    issn={1600-0870},
    url={http://dx.doi.org/10.1111/j.1600-0870.1983.tb00189.x},
    doi={10.1111/j.1600-0870.1983.tb00189.x},
    pages={100--118},
    year={1983}
}

@InProceedings{hoffmanetal/2008,
    author={Hoffman, Matthew and Pezzi, Luciano and Herdies, Dirceu Luis and Penny, Steven},
    affiliation={University of Maryland - USA and Instituto Nacional de Pesquisas Espaciais (INPE)},
    title={The {CPTEC} Ocean Data Assimilation System--{CODAS}.},
    year={2008},
    organization={Congresso Brasileiro de Meteorologia 15.},
    keywords={assimila{\c{c}}{\~a}o de dados, LETKF, Brasil-Malvinas, filtro de Kalman, modelagem oce{\^a}nica.},
    conference-location={S{\~a}o Paulo},
    conference-year={24-29 ago},
    language={pt},
    organisation={SBMET},
    url={http://urlib.net/sid.inpe.br/mtc-m18@80/2008/09.24.13.27},
    urlaccessdate={18 nov. 2013}
}

@article{hollinsgsworthelonnberg/1986,
    Author={Hollinsgsworth, A. and L{\"o}nnberg, P.},
    Doi={10.1111/j.1600-0870.1986.tb00460.x},
    Issn={1600-0870},
    Journal={Tellus A},
    Number={2},
    Pages={111--136},
    Publisher={Blackwell Publishing Ltd},
    Title={The Statistical Structure of Short-Range Forecast Errors as Determined from Radiosonde Data. Part I: The Wind Field.},
    Url={http://dx.doi.org/10.1111/j.1600-0870.1986.tb00460.x},
    Volume={38A},
    Year={1986},
    Bdsk-Url-1={http://dx.doi.org/10.1111/j.1600-0870.1986.tb00460.x}
}

@article{holstlagandboville/1993,
    author={A. A. M. Holtslag and B. A. Boville},
    title={Local Versus Nonlocal Boundary--Layer Diffusion in a Global Climate Model.},
    journal={Journal of Climate},
    volume={6},
    number={10},
    pages={1825-1842},
    year={1993},
    doi={10.1175/1520-0442(1993)006<1825:LVNBLD>2.0.CO;2},
    URL={http://dx.doi.org/10.1175/1520-0442(1993)006<1825:LVNBLD>2.0.CO;2},
    eprint={http://dx.doi.org/10.1175/1520-0442(1993)006<1825:LVNBLD>2.0.CO;2}
}

@article{huffmanetal/2001,
    author={George J.  Huffman  and  Robert F.  Adler  and  Mark M.  Morrissey  and  David T.  Bolvin  and  Scott  Curtis  and  Robert  Joyce  and  Brad  McGavock  and  Joel  Susskind},
    title={Global Precipitation at One-Degree Daily Resolution from Multisatellite Observations.},
    journal={Journal of Hydrometeorology},
    volume={2},
    number={1},
    pages={36-50},
    year={2001},
    doi={10.1175/1525-7541(2001)002<0036:GPAODD>2.0.CO;2},
    URL={http://dx.doi.org/10.1175/1525-7541(2001)002<0036:GPAODD>2.0.CO;2},
    eprint={http://dx.doi.org/10.1175/1525-7541(2001)002<0036:GPAODD>2.0.CO;2}
}

@article{huntetal/2007,
    author={Hunt, B. R. and Kostelich, E. J. and Szunyogh, I.},
    title={Efficient Data Assimilation for Spatiotemporal Chaos: A Local Ensemble Transform Kalman Filter.},
    journal={Physica D},
    year={2007},
    pages={112--126}
}

@book{kalnay/2003,
    title={Atmospheric Modeling, Data Assimilation and Predictability.},
    author={Kalnay, E.},
    isbn={9780521796293},
    lccn={2001052687},
    url={https://books.google.com.br/books?id=Uqc7zC7NULMC},
    year={2003},
    publisher={Cambridge University Press}
}

@article{kalnayetal/2007,
    title={4-D-Var or Ensemble Kalman Filter?},
    author={Kalnay, Eugenia and Li, Hong and Miyoshi, Takemasa and YANG, SHU-CHIH and BALLABRERA-POY, JOAQUIM},
    journal={Tellus A},
    volume={59},
    number={5},
    pages={758--773},
    year={2007},
    publisher={Wiley Online Library}
}

@article{kalmanebucy/1961,
    title={New Results in Linear Filtering and Prediction Theory.},
    author={Kalman, R. E. and Bucy, R. S.},
    journal={ASME. J. Basic Eng.},
    volume={83},
    number={1},
    pages={95--108},
    year={1961},
    doi={doi:10.1115/1.3658902}
}

@article{kleistetal/2009,
    Author={Kleist, Daryl T. and Parrish, David F. and Derber, John C. and Treadon, Russ and Wu, Wan-Shu and Lord, Stephen},
    Booktitle={Weather and Forecasting},
    Date={2009/12/01},
    Doi={10.1175/2009WAF2222201.1},
    Isbn={0882-8156},
    Journal={Weather and Forecasting},
    Month={2013/11/18},
    Number={6},
    Pages={1691--1705},
    Publisher={American Meteorological Society},
    Title={Introduction of the {GSI} into the {NCEP} Global Data Assimilation System.},
    Ty={JOUR},
    Url={http://dx.doi.org/10.1175/2009WAF2222201.1},
    Volume={24},
    Year={2009},
}

@article {klimova/2012,
    author={Klimova, Ekaterina},
    title={A Suboptimal Data Assimilation Algorithm Based on the Ensemble Kalman Filter.},
    journal={Quarterly Journal of the Royal Meteorological Society},
    volume={138},
    number={669},
    publisher={John Wiley {\&} Sons, Ltd.},
    issn={1477-870X},
    url={http://dx.doi.org/10.1002/qj.1941},
    doi={10.1002/qj.1941},
    pages={2079--2085},
    keywords={extended Kalman filter, covariance matrix},
    year={2012}
}

@PhDThesis{kubota/2012,
    author={Kubota, Paulo Yoshio},
    title={Variabilidade da Energia Armazenada na Superf{\'i}cie e o seu Impacto na Defini{\c{c}}{\~a}o do Padr{\~a}o de {Pr}ecipita{\c{c}}{\~a}o na Am{\'e}rica do Sul.},
    school={Instituto Nacional de Pesquisas Espaciais (INPE)},
    year={2012},
    address={S{\~a}o Jos{\'e} dos Campos},
    month={2012-08-06},
    keywords={mudan{\c{c}}as clim{\'a}ticas, Brasil, Am{\'e}rica do Sul, variabilidade, Modelo de Circula{\c{c}}{\~a}o Geral da Atmosfera (MCGA), climate changes, Brazil, South America, varibility, Atmospheric Geral Circulation Model (AGCM).},
    committee={Herdies, Dirceu Luis (presidente) and Bonatti, Jos{\'e} Paulo (orientador) and Cavalcanti, Iracema Fonseca de Albuquerque and Dias, Pedro Leite da Silva and Ambrizzi, T{\'e}rcio},
    copyholder={SID/SCD},
    englishtitle={Variability of stored energy in the soil-canopy system and its impact on the definition of precipitation standard in South  America},
    language={pt},
    pages={309},
    url={http://urlib.net/sid.inpe.br/mtc-m19/2012/08.02.02.42},
    targetfile={publicacao.pdf},
    urlaccessdate={28 nov. 2013}
}

@article{leietal/2012,
    author={Lili Lei and David Stauffer and Sue Ellen Haupt and George Young},
    title={A Hybrid Nudging-Ensemble Kalman Filter Approach to Data Assimilation. Part I: Application in the Lorenz System.},
    journal={Tellus A},
    volume={64},
    number={0},
    year={2012},
    keywords={ensemble Kalman filter (EnKF); nudging; hybrid data assimilation; error spikes; dynamic analysis; Lorenz system},
    issn={1600-0870},	
    url={http://www.tellusa.net/index.php/tellusa/article/view/18484}
}

@article{leith/1974,
    author={Leith, C. E.},
    title={Theoretical Skill of Monte Carlo Forecasts.},
    journal={Monthly Weather Review},
    volume={102},
    number={6},
    pages={409-418},
    year={1974},
    doi={10.1175/1520-0493(1974)102<0409:TSOMCF>2.0.CO;2},
    URL={https://doi.org/10.1175/1520-0493(1974)102<0409:TSOMCF>2.0.CO;2},
    eprint={https://doi.org/10.1175/1520-0493(1974)102<0409:TSOMCF>2.0.CO;2}
}

@article{lorenc/1986,
    Author={Lorenc, A. C.},
    Doi={10.1002/qj.49711247414},
    Issn={1477-870X},
    Journal={Quarterly Journal of the Royal Meteorological Society},
    Number={474},
    Pages={1177--1194},
    Publisher={John Wiley {\&} Sons, Ltd},
    Title={Analysis Methods for Numerical Weather Prediction.},
    Url={http://dx.doi.org/10.1002/qj.49711247414},
    Volume={112},
    Year={1986},
    Bdsk-Url-1={http://dx.doi.org/10.1002/qj.49711247414}
}

@article{lorenc/2003,
    Author={Lorenc, Andrew C.},
    Doi={10.1256/qj.02.131},
    Issn={1477-870X},
    Journal={Quarterly Journal of the Royal Meteorological Society},
    Keywords={Error covariance modelling, Extended Kalman filter, Numerical weather prediction},
    Number={595},
    Pages={3167--3182},
    Publisher={John Wiley {\&} Sons, Ltd.},
    Title={Modelling of Error Covariances by {4D-V}ar Data Assimilation.},
    Url={http://dx.doi.org/10.1256/qj.02.131},
    Volume={129},
    Year={2003},
    Bdsk-Url-1={http://dx.doi.org/10.1256/qj.02.131}
}

@article{lonnbergehollingsworth/1986,
    title={The Statistical Structure of Short-Range Forecast Errors as determined from Radiosonde Data Part {II}: The Covariance of Height and Wind Errors.},
    author={L{\"o}nnberg, P and Hollingsworth, A},
    journal={Tellus A},
    volume={38},
    number={2},
    pages={137--161},
    year={1986},
    publisher={Wiley Online Library}
}

@MastersThesis{medeiros/2011,
    author={Medeiros, Maria das Dores da Silva},
    title={Impacto do Uso de Radi{\^a}ncia na Assimila{\c{c}}{\~a}o de Dados usando {4D-LETKF} na regi{\~a}o da Am{\'e}rica do Sul.},
    school={Instituto Nacional de Pesquisas Espaciais},
    year={2011},
    address={S{\~a}o Jos{\'e} dos Campos},
    month={2010-12-06},
    keywords={assimila{\c{c}}{\~a}o de dados, LETKF, radi{\^a}ncia, dados de sat{\'e}lites, data assimilation, Local ensemble Transform Kalman Filter (LETKF), radiance, satellite data.},
    language={pt},
    pages={137},
    url={http://urlib.net/sid.inpe.br/mtc-m19/2010/11.24.18.42},
    urlaccessdate={18 nov. 2013}
}

@article{mellorandyamada/1974,
    author={George L.  Mellor  and  Tetsuji  Yamada},
    title={A Hierarchy of Turbulence Closure Models for Planetary Boundary Layers.},
    journal={Journal of the Atmospheric Sciences},
    volume={31},
    number={7},
    pages={1791-1806},
    year={1974},
    doi={10.1175/1520-0469(1974)031<1791:AHOTCM>2.0.CO;2},
    URL={http://dx.doi.org/10.1175/1520-0469(1974)031<1791:AHOTCM>2.0.CO;2},
    eprint={http://dx.doi.org/10.1175/1520-0469(1974)031<1791:AHOTCM>2.0.CO;2}
}

@article{molteni/2003,
    author={Molteni, F.},
    title={Atmospheric Simulations using a {GCM} with Simplified Physical Parametrizations. I: Model Climatology and Variability in Multi-Decadal Experiments.},
    journal={Climate Dynamics},
    year={2003},
    volume={20},
    number={2},
    pages={175--191},
    issn={1432-0894},
    doi={10.1007/s00382-002-0268-2},
    url={http://dx.doi.org/10.1007/s00382-002-0268-2}
}

@article{nerger/2015,
    author={Lars Nerger},
    title={On Serial Observation Processing in Localized Ensemble Kalman Filters},
    journal={Monthly Weather Review},
    volume={143},
    number={5},
    pages={1554-1567},
    year={2015},
    doi={10.1175/MWR-D-14-00182.1},
    URL={https://doi.org/10.1175/MWR-D-14-00182.1},
    eprint={https://doi.org/10.1175/MWR-D-14-00182.1}
}

@incollection{nichols/2010,
    booktitle={Data Assimilation: Making Sense of Observations.},
    editor={W. Lahoz and B. Khattatov and R. Menard},
    title={Mathematical Concepts of Data Assimilation.},
    author={Nancy K. Nichols},
    publisher={Springer},
    year={2010},
    pages={13--40},
    url={http://centaur.reading.ac.uk/2001/}
}

@article{okaneefrederiksen/2008,
    author={O'Kane, Terence J. and Frederiksen, Jorgen S.},
    title={Comparison of Statistical Dynamical, Square Root and Ensemble Kalman Filters.},
    journal={Entropy},
    volume={10},
    year={2008},
    number={4},
    pages={684--721},
    url={http://www.mdpi.com/1099-4300/10/4/684},
    issn={1099-4300},
    doi={10.3390/e10040684}
}

@article{ottetal/2004,
    Author={Ott, Edward and Hunt, Brian R. and Szunyogh, Istvan and Zimin, Aleksey V. and Kostelich, Eric J. and Corazza, Matteo and Kalnay, Eugenia and Patil, D. J. and Yorke, James A.},
    Doi={10.1111/j.1600-0870.2004.00076.x},
    Issn={1600-0870},
    Journal={Tellus A},
    Number={5},
    Pages={415--428},
    Publisher={Munksgaard International Publishers},
    Title={A Local Ensemble Kalman Filter for Atmospheric Data Assimilation.},
    Url={http://dx.doi.org/10.1111/j.1600-0870.2004.00076.x},
    Volume={56},
    Year={2004},
    Bdsk-Url-1={http://dx.doi.org/10.1111/j.1600-0870.2004.00076.x}
}

@article{panofsky/1949,
    author={Panofsky, R. A.},
    title={Objective Weather--Map Analysis.},
    journal={Journal of Meteorology},
    volume={6},
    number={6},
    pages={386-392},
    year={1949},
    doi={10.1175/1520-0469(1949)006<0386:OWMA>2.0.CO;2},
    URL={http://dx.doi.org/10.1175/1520-0469(1949)006<0386:OWMA>2.0.CO;2},
    eprint={http://dx.doi.org/10.1175/1520-0469(1949)006<0386:OWMA>2.0.CO;2}
}

@article{parrishederber/1992,
    Author={Parrish, David F. and Derber, John C.},
    Booktitle={Monthly Weather Review},
    Date={1992/08/01},
    Doi={10.1175/1520-0493(1992)120<1747:TNMCSS>2.0.CO;2},
    Isbn={0027-0644},
    Journal={Monthly Weather Review},
    Month={2013/11/18},
    Number={8},
    Pages={1747--1763},
    Publisher={American Meteorological Society},
    Title={The National Meteorological Center's Spectral Statistical-Interpolation Analysis System.},
    Ty={JOUR},
    Url={http://dx.doi.org/10.1175/1520-0493(1992)120<1747:TNMCSS>2.0.CO;2},
    Volume={120},
    Year={1992},
}

@article{penna/2015,
    title={Avalia{\c{c}}{\~a}o da Temperatura de Brilho nos Canais Sens{\'i}veis à Superf{\'i}cie Terrestre no Sistema {G3DVAR} do {CPTEC/INPE}: S{\'e}rie {NOAA}.},
    journal={Revista Brasileira de Meteorologia},
    author={Penna, Brunna Romero and Silveira, Bruna Barbosa and Gon{\c{c}}alves, Luis Gustavo Gon{\c{c}}alves De and Souza, Solange Silva De},
    ISSN={0102-7786},
    language={pt},
    URL={http://www.scielo.br/scielo.php?script=sci\_arttext\&pid=S0102-77862015000300340\&nrm=iso},
    volume={30},
    year={2015},
    month={09},
    pages={340-350},
    publisher={scielo},
    crossref={10.1590/0102-778620140030}
}

@phdthesis{petrie/2008,
    title={Localization in the Ensemble Kalman Filter.},
    author={Petrie, R},
    year={2008},
    school={Master's thesis, Department of Meteorology. Reading University}
}

@article{petrie/2012,
    title={Background Error Covariance Modelling for Convective--Scale Variational Data Assimilation.},
    author={Petrie, Ruth Elizabeth},
    year={2012}
}

@article{piccoloecullen/2012,
    Author={Piccolo, Chiara and Cullen, Mike},
    Doi={10.1002/qj.1880},
    Issn={1477-870X},
    Journal={Quarterly Journal of the Royal Meteorological Society},
    Keywords={adaptive mesh, data assimilation},
    Number={667},
    Pages={1560--1570},
    Publisher={John Wiley {\&} Sons, Ltd.},
    Title={A New Implementation of the Adaptive Mesh Transform in the Met Office {3D-V}ar System.},
    Url={http://dx.doi.org/10.1002/qj.1880},
    Volume={138},
    Year={2012},
    Bdsk-Url-1={http://dx.doi.org/10.1002/qj.1880}
}

@book{potterestern/1963,
    title={Statistical Filtering of Space Navigation Measurements.},
    author={Potter, J.E. and Stern, R.G.},
    series={RE (Massachusetts Institute of Technology. Experimental Astronomy Laboratory)},
    url={https://books.google.com.br/books?id=2\_kzHQAACAAJ},
    year={1963},
    publisher={Massachusetts Institute of Technology, Experimental Astronomy Laboratory}
}

@article{purseretal/2003a,
    Author={Purser, R. James and Wu, Wan-Shu and Parrish, David F. and Roberts, Nigel M.},
    Booktitle={Monthly Weather Review},
    Date={2003/08/01},
    Doi={10.1175//2543.1},
    Isbn={0027-0644},
    Journal={Monthly Weather Review},
    Month={2013/11/18},
    Number={8},
    Pages={1536--1548},
    Publisher={American Meteorological Society},
    Title={Numerical Aspects of the Application of Recursive Filters to Variational Statistical Analysis. Part {II}: Spatially Inhomogeneous and Anisotropic General Covariances.},
    Ty={JOUR},
    Url={http://dx.doi.org/10.1175//2543.1},
    Volume={131},
    Year={2003},
}

@article{purseratal/2003b,
    Author={Purser, R. James and Wu, Wan-Shu and Parrish, David F. and Roberts, Nigel M.},
    Booktitle={Monthly Weather Review},
    Date={2003/08/01},
    Doi={10.1175//2543.1},
    Isbn={0027-0644},
    Journal={Monthly Weather Review},
    Month={2013/11/18},
    Number={8},
    Pages={1536--1548},
    Publisher={American Meteorological Society},
    Title={Numerical Aspects of the Application of Recursive Filters to Variational Statistical Analysis. Part {II}: Spatially Inhomogeneous and Anisotropic General Covariances.},
    Ty={JOUR},
    Url={http://dx.doi.org/10.1175//2543.1},
    Volume={131},
    Year={2003},
}

@book{purser/1995,
    title={A Geometrical Approach to the Synthesis of Smooth Anisotropic Covariance Operations for Data Assimilation.},
    author={Purser, R.J.},
    series={Office note},
    url={https://books.google.com.br/books?id=VZyHDAEACAAJ},
    year={1995}
}

@article{rabier/2005,
    author={Rabier, Florence},
    title={Overview of Global Data Assimilation Developments in Numerical Weather-Prediction Centres.},
    journal={Quarterly Journal of the Royal Meteorological Society},
    volume={131},
    number={613},
    publisher={John Wiley {\&} Sons, Ltd.},
    issn={1477-870X},
    url={http://dx.doi.org/10.1256/qj.05.129},
    doi={10.1256/qj.05.129},
    pages={3215--3233},
    keywords={Data impact, Error statistics, Forecast score, Information content, Observing strategies},
    year={2005}
}

@article {riishojgaard/1998,
    author={Riish{\o}jgaard, Lars Peter},
    title={A Direct Way of Specifying Flow-Dependent Background Error Correlations for Meteorological Analysis Systems.},
    journal={Tellus A},
    volume={50},
    number={1},
    publisher={Munksgaard International Publishers},
    issn={1600-0870},
    url={http://dx.doi.org/10.1034/j.1600-0870.1998.00004.x},
    doi={10.1034/j.1600-0870.1998.00004.x},
    pages={42--57},
    year={1998}
}

@article{rizvietal/2009,
    title={Generation of {WRF-ARW B}ackground Errors ({BE}) for {GSI}.},
    author={Rizvi, Syed RH and Liu, Zhiquan and Huang, Xiang-Yu},
    year={2009}
}

@MastersThesis{rodrigues/2017,
    author={Rodrigues, Claudio Montalv{\~a}o},
    title={Estudo do Impacto da Injun{\c{c}}{\~a}o de Umidade do {G3DVAR} na  Qualidade da An{\'a}lise.},
    school={Instituto Nacional de Pesquisas Espaciais  (INPE)},
    year={2017},
    address={S{\~a}o Jos{\'e} dos Campos},
    month={2016-10-03},
    keywords={assimila{\c{c}}{\~a}o de dados, injun{\c{c}}{\~a}o, G3DVAR, data assimilation, constraint.},
    committee={Herdies, Dirceu Luis (presidente) and Sapucci, Luiz Fernando (orientador) and Correa, Cl{\'e}ber Souza},
    copyholder={SID/SCD},
    englishtitle={Study of the impact of moisture constraint from G3DVAR in the analysis quality},
    language={pt},
    pages={83},
    url={http://urlib.net/sid.inpe.br/mtc-m21b/2016/11.06.07.22},
    targetfile={publicacao.pdf},
    urlaccessdate={11 abr. 2017}
}

@Article{sakovebertino/2010,
    author={Sakov, Pavel and Bertino, Laurent},
    title={Relation Between Two Common Localisation Methods for the En{KF}.},
    journal={Computational Geosciences},
    year={2011},
    volume={15},
    number={2},
    pages={225--237},
    issn={1573-1499},
    doi={10.1007/s10596-010-9202-6},
    url={http://dx.doi.org/10.1007/s10596-010-9202-6}
}

@InProceedings{sapuccietal/2011,
    author={Sapucci, Luiz Fernando and de Mattos, Jo{\~a}o Gerd Zell and Santos, Ariane Frassoni dos and de Gon{\c{c}}alves, Luis Gustavo Gon{\c{c}}alves and Bastarz, Carlos Frederico and Shubert, Derek V.},
    affiliation={Instituto Nacional de Pesquisas Espaciais (INPE)},
    title={Potencialidades do {SCAMTEC} (Sistema de Avalia{\c{c}}{\~a}o de Modelos Num{\'e}ricos de Previs{\~a}o de Tempo e Clima).},
    year={2011},
    organization={XVII Congresso Brasileiro de Agrometeorologia},
    conference-location={Guarapari},
    conference-year={2011},
    language={pt},
    url={http://urlib.net/dpi.inpe.br/plutao/2011/06.11.15.03},
    urlaccessdate={18 nov. 2013}
}

@article{sapuccietal/2016,
    author={Sapucci, Luiz F. and Diniz, F{\'a}bio L. R. and Bastarz, Carlos F. and Avan{\c{c}}o, Lucas A.},
    title={Inclusion of Global Navigation Satellite System Radio Occultation Data into Center for Weather Forecast and Climate Studies Local Ensemble Transform Kalman Filter ({LETKF}) using the Radio Occultation Processing Package as an Observation Operator.},
    journal={Meteorological Applications},
    volume={23},
    number={2},
    publisher={John Wiley {\&} Sons, Ltd.},
    issn={1469-8080},
    url={http://dx.doi.org/10.1002/met.1559},
    doi={10.1002/met.1559},
    pages={328--338},
    keywords={data assimilation, GNSS radio occultation, LETKF, ROPP},
    year={2016}
}

@article{sasaki/1958,
    title={An Objective Analysis Based on the Variational Method.},
    author={Sasaki, Y. K.},
    series={AFCRC-TN},
    url={https://books.google.com.br/books?id=1\_z8sgEACAAJ},
    year={1958}
}

@article{sasaki/1970,
    author={Sasaki, Y. K.},
    title={Some Basic Formalisms in Numerical Variational Analysis.},
    journal={Monthly Weather Review},
    volume={98},
    number={12},
    pages={875-883},
    year={1970},
    doi={10.1175/1520-0493(1970)098<0875:SBFINV>2.3.CO;2},
    URL={https://doi.org/10.1175/1520-0493(1970)098<0875:SBFINV>2.3.CO;2},
    eprint={https://doi.org/10.1175/1520-0493(1970)098<0875:SBFINV>2.3.CO;2}
}

@article{sellersetal/1996,
    author={P. J. Sellers and D. A. Randall and G. J. Collatz and J. A. Berry and C. B. Field and D. A. Dazlich and C. Zhang  and G. D. Collelo and L. Bounoua},
    title={A Revised Land Surface Parameterization (Si{B2}) for Atmospheric {GCM}S. Part I: Model Formulation.},
    journal={Journal of Climate},
    volume={9},
    number={4},
    pages={676-705},
    year={1996},
    doi={10.1175/1520-0442(1996)009<0676:ARLSPF>2.0.CO;2},
    URL={http://dx.doi.org/10.1175/1520-0442(1996)009<0676:ARLSPF>2.0.CO;2},
    eprint={http://dx.doi.org/10.1175/1520-0442(1996)009<0676:ARLSPF>2.0.CO;2}
}

@article{sherman/1950,
    author={Sherman, Jack and Morrison, Winifred J.},
    doi={10.1214/aoms/1177729893},
    fjournal={The Annals of Mathematical Statistics},
    journal={Ann. Math. Statist.},
    month={03},
    number={1},
    pages={124--127},
    publisher={The Institute of Mathematical Statistics},
    title={Adjustment of an Inverse Matrix Corresponding to a Change in One Element of a Given Matrix},
    url={http://dx.doi.org/10.1214/aoms/1177729893},
    volume={21},
    year={1950}
}

@InProceedings{souzaetal/2010,
    author={Souza, Solange Silva de and Figueroa, Silvio Nilo and Herdies, Dirceu Luis and Arav{\'e}quia, Jos{\'e} Ant{\^o}nio and Bonatti, Jos{\'e} Paulo and Gon{\c{c}}alves, Luis Gustavo and Kubota, Paulo Yoshio and Sapucci, Luis Fernando and Ferreira, S{\'e}rgio Henrique and Mattos, Jo{\~a}o Gerd},
    affiliation={Instituto Nacional de Pesquisas Espaciais (INPE)},
    title={Impact of the Scheme of Deep Convection in the Global Data Assimilation System {LETKF} of the {CPTEC/INPE}.},
    booktitle={Posters},
    year={2010},
    organization={The Meeting of the Americas.},
    publisher={AGU},
    keywords={convective processes, data assimilation, global climate models.},
    conference-location={Foz do Igua{\c{c}}u},
    conference-year={8-12 aug. 2010},
    language={en},
    targetfile={Souza\_impact.pdf},
    type={On-line},
    urlaccessdate={26 maio 2016}
}

@article{talagrand/1997,
    title={Assimilation of Observations, an Introduction (``Special Issue -- Data Assimilation in Meteorology and Oceanography: Theory and Practice).},
    author={Olivier Talagrand},
    journal={Journal of the Meteorological Society of Japan. Ser. II},
    volume={75},
    number={1B},
    pages={191-209},
    year={1997}
}

@misc{thelwell/2001,
    title={The Nonlinear Balance Equation: a Survey of Numerical Methods.},
    author={Thelwell, Roger},
    year={2001},
    publisher={Master's thesis, Colorado State University, Fort Collins, CO}
}

@article {thepautandcourtier/1991,
    author={Th{\'e}paut, Jean-No{\'e}ul and Courtier, Philippe},
    title={Four-Dimensional Variational Data Assimilation using the Adjoint of a Multilevel Primitive-Equation Model.},
    journal={Quarterly Journal of the Royal Meteorological Society},
    volume={117},
    number={502},
    publisher={John Wiley {\&} Sons, Ltd.},
    issn={1477-870X},
    url={http://dx.doi.org/10.1002/qj.49711750206},
    doi={10.1002/qj.49711750206},
    pages={1225--1254},
    year={1991}
}

@conference {tiedtke/1983,
    title={The Sensitivity of the Time-Mean Large-Scale Flow to Cumulus Convection in the {ECMWF} Model.},
  	booktitle={Workshop on Convection in Large-scale Numerical Models, 28 November to 1 December 1983},
  	year={1983},
  	pages={297-316},
  	publisher={ECMWF},
  	organization={ECMWF},
  	address={Shinfield Park, Reading},
  	author={Tiedtke, M.}
}

@article{tippettetal/2003,
    author={Michael K. Tippett and Jeffrey L. Anderson and Craig H. Bishop and Thomas M. Hamill  and  Jeffrey S. Whitaker},
    title={Ensemble Square Root Filters.},
    journal={Monthly Weather Review},
    volume={131},
    number={7},
    pages={1485-1490},
    year={2003},
    doi={10.1175/1520-0493(2003)131<1485:ESRF>2.0.CO;2},
    URL={http://dx.doi.org/10.1175/1520-0493(2003)131<1485:ESRF>2.0.CO;2},
    eprint={http://dx.doi.org/10.1175/1520-0493(2003)131<1485:ESRF>2.0.CO;2}
}

@Misc{todlingeelakkraoui/2013,
    author={El Akkraoui, Amal and Todling, Ricardo},
    title={Hybrid Data Assimilation Without Ensemble Filtering.},
    organization={GMAO/NASA},
    year={2013},
    url={http://www.jcsda.noaa.gov/documents/seminardocs/2013/todling20130116.Pdf},
    publisher={Joint Center for Satellite Data Assimilation}
}

@article{vitaretal/2017,
    author={F. Vitart and C. Ardilouze and A. Bonet and A. Brookshaw and M. Chen and C. Codorean and M. D{\'e}qu{\'e} and L. Ferranti and E. Fucile and M. Fuentes and H. Hendon and J. Hodgson and H.-S. Kang and A. Kumar and H. Lin and G. Liu and X. Liu and P. Malguzzi and I. Mallas and M. Manoussakis and D. Mastrangelo and C. MacLachlan and P. McLean and A. Minami and R. Mladek and T. Nakazawa and S. Najm and Y. Nie and M. Rixen and A. W. Robertson and P. Ruti and C. Sun and Y. Takaya and M. Tolstykh and F. Venuti and D. Waliser and S. Woolnough and T. Wu and D.-J. Won and H. Xiao and R. Zaripov and L. Zhang},
    title={The Subseasonal to Seasonal (S2S) Prediction Project Database},
    journal={Bulletin of the American Meteorological Society},
    volume={98},
    number={1},
    pages={163-173},
    year={2017},
    doi={10.1175/BAMS-D-16-0017.1},
    URL={https://doi.org/10.1175/BAMS-D-16-0017.1},
    eprint={https://doi.org/10.1175/BAMS-D-16-0017.1}
}

@article{wangetal/2007,
    Author={Wang, Xuguang and Hamill, Thomas M. and Whitaker, Jeffrey S. and Bishop, Craig H.},
    Booktitle={Monthly Weather Review},
    Date={2007/03/01},
    Doi={10.1175/MWR3307.1},
    Isbn={0027-0644},
    Journal={Monthly Weather Review},
    Month={2013/11/18},
    Number={3},
    Pages={1055--1076},
    Publisher={American Meteorological Society},
    Title={A Comparison of Hybrid Ensemble Transform Kalman Filter--Optimum Interpolation and Ensemble Square Root Filter Analysis Schemes.},
    Ty={JOUR},
    Url={http://dx.doi.org/10.1175/MWR3307.1},
    Volume={135},
    Year={2007},
}

@article{wangetal/2008a,
    Author={Wang, Xuguang and Barker, Dale M. and Snyder, Chris and Hamill, Thomas M.},
    Booktitle={Monthly Weather Review},
    Date={2008/12/01},
    Doi={10.1175/2008MWR2444.1},
    Isbn={0027-0644},
    Journal={Monthly Weather Review},
    Month={2013/11/18},
    Number={12},
    Pages={5116--5131},
    Publisher={American Meteorological Society},
    Title={A Hybrid {ETKF--3DVAR} Data Assimilation Scheme for the {WRF M}odel. Part I: Observing System Simulation Experiment.},
    Ty={JOUR},
    Url={http://dx.doi.org/10.1175/2008MWR2444.1},
    Volume={136},
    Year={2008},
}

@article{wangetal/2008b,
    Author={Wang, Xuguang and Barker, Dale M. and Snyder, Chris and Hamill, Thomas M.},
    Booktitle={Monthly Weather Review},
    Date={2008/12/01},
    Doi={10.1175/2008MWR2445.1},
    Isbn={0027-0644},
    Journal={Monthly Weather Review},
    Month={2013/11/18},
    Number={12},
    Pages={5132--5147},
    Publisher={American Meteorological Society},
    Title={A Hybrid {ETKF--3DVAR D}ata Assimilation Scheme for the {WRF M}odel. Part {II}: Real Observation Experiments.},
    Ty={JOUR},
    Url={http://dx.doi.org/10.1175/2008MWR2445.1},
    Volume={136},
    Year={2008},
}

@article{wangetal/2009,
    author={Xuguang  Wang  and  Thomas M.  Hamill  and  Jeffrey S.  Whitaker  and  Craig H.  Bishop},
    title={A Comparison of the Hybrid and En{SRF} Analysis Schemes in the Presence of Model Errors due to Unresolved Scales.},
    journal={Monthly Weather Review},
    volume={137},
    number={10},
    pages={3219-3232},
    year={2009},
    doi={10.1175/2009MWR2923.1},
    URL={http://dx.doi.org/10.1175/2009MWR2923.1},
    eprint={http://dx.doi.org/10.1175/2009MWR2923.1}
}

@article{wang/2010,
    title={Incorporating Ensemble Covariance in the Gridpoint Statistical Interpolation Variational Minimization: A Mathematical Framework.},
    author={Wang, Xuguang},
    journal={Monthly Weather Review},
    volume={138},
    number={7},
    pages={2990--2995},
    year={2010}
}

@article{wangetal/2013,
    author={Xuguang Wang and David Parrish and Daryl Kleist and Jeffrey Whitaker},
    title={{GSI} {3DV}ar-Based Ensemble-Variational Hybrid Data Assimilation for {NCEP} Global Forecast System: Single-Resolution Experiments.},
    journal={Monthly Weather Review},
    volume={141},
    number={11},
    pages={4098-4117},
    year={2013},
    doi={10.1175/MWR-D-12-00141.1},
    URL={http://dx.doi.org/10.1175/MWR-D-12-00141.1},
    eprint={http://dx.doi.org/10.1175/MWR-D-12-00141.1}
}

@article{wangelei/2013,
    title={{GSI}-based Four-Dimensional Ensemble-Variational ({4DE}nsVar) Data Assimilation for {NCEP G}lobal Forecast System: Single Resolution Experiments with Real Data.},
    author={Wang, Xuguang and Lei, Ting},
    year={2013}
}

@TechReport{wgne27/2011,
    author={WMO},
    title={27th Session of the {CAS/JSC} Working Group on Numerical Experimentation.},
    institution={WMO},
    year={2011},
    number={27},
    url={http://www.wmo.int/pages/about/sec/rescrosscut/documents/wgne--27\_report\_final.pdf},
    urlaccessdate={07 nov. 2013}
}

@TechReport{wgne28/2012,
    author={WMO},
    title={28th Session of the Working Group on Numerical Experimentation.},
    institution={WMO},
    year={2012},
    number={28},
    url={http://www.wmo.int/pages/about/sec/rescrosscut/documents/WGNE\_28\_Final\_Report\_000.pdf},
    urlaccessdate={07 nov. 2013}
}

@TechReport{wgne30/2015,
    author={WMO},
    title={30th Session of the Working Group on Numerical Experimentation.},
    institution={WMO},
    year={2015},
    number={30},
    url={http://www.wmo.int/pages/prog/arep/wwrp/new/documents/wgne\_30\_report\_final.pdf},
    urlaccessdate={23 maio 2017}
}

@article{whitakerehamill/2002,
    author={Jeffrey S. Whitaker  and  Thomas M.  Hamill},
    title={Ensemble Data Assimilation without Perturbed Observations.},
    journal={Monthly Weather Review},
    volume={130},
    number={7},
    pages={1913-1924},
    year={2002},
    doi={10.1175/1520-0493(2002)130<1913:EDAWPO>2.0.CO;2},
    URL={http://dx.doi.org/10.1175/1520-0493(2002)130<1913:EDAWPO>2.0.CO;2},
    eprint={http://dx.doi.org/10.1175/1520-0493(2002)130<1913:EDAWPO>2.0.CO;2}
}

@inbook{woodbury/1950,
    address={Princeton, NJ},
    author={Woodbury, Max A.},
    editor={Kuntzmann, J.},
    keywords={linalg, math},
    number={42},
    publisher={Princeton University},
    series={Statistical Research Group Memorandum Reports},
    title={Inverting Modified Matrices},
    year={1950}
}

@article{wuetal/2002,
    Annote={doi: 10.1175/1520-0493(2002)130<2905:TDVAWS>2.0.CO;2},
    Author={Wu, Wan-Shu and Purser, R. James and Parrish, David F.},
    Booktitle={Monthly Weather Review},
    Date={2002/12/01},
    Doi={10.1175/1520-0493(2002)130<2905:TDVAWS>2.0.CO;2},
    Isbn={0027-0644},
    Journal={Monthly Weather Review},
    Month={2013/11/18},
    Number={12},
    Pages={2905--2916},
    Publisher={American Meteorological Society},
    Title={Three-Dimensional Variational Analysis with Spatially Inhomogeneous Covariances.},
    Ty={JOUR},
    Url={http://dx.doi.org/10.1175/1520-0493(2002)130<2905:TDVAWS>2.0.CO;2},
    Volume={130},
    Year={2002}
}

@article{zhangekrishnamurti/1999,
    author={Zhang, Z. and Krishnamurti, T. N.},
    title={A Perturbation Method for Hurricane Ensemble Predictions.},
    journal={Monthly Weather Review},
    volume={127},
    number={4},
    pages={447-469},
    year={1999},
    doi={10.1175/1520-0493(1999)127<0447:APMFHE>2.0.CO;2},
    URL={https://doi.org/10.1175/1520-0493(1999)127<0447:APMFHE>2.0.CO;2},
    eprint={https://doi.org/10.1175/1520-0493(1999)127<0447:APMFHE>2.0.CO;2}
}

@article{zhangetal/2009,
    year={2009},
    issn={0256-1530},
    journal={Advances in Atmospheric Sciences},
    volume={26},
    number={1},
    doi={10.1007/s00376-009-0001-8},
    title={Coupling Ensemble Kalman Filter with Four-Dimensional Variational Data Assimilation.},
    url={http://dx.doi.org/10.1007/s00376-009-0001-8},
    publisher={SP Science Press},
    keywords={data assimilation; four-dimensional variational data assimilation; ensemble Kalman filter; Lorenz model; hybrid method},
    author={Zhang, Fuqing and Zhang, Meng and Hansen, JamesA.},
    pages={1-8},
    language={English}
}

@article{zupanski/2005,
    Annote={doi: 10.1175/MWR2946.1},
    Author={Zupanski, Milija},
    Booktitle={Monthly Weather Review},
    Date={2005/06/01},
    Doi={10.1175/MWR2946.1},
    Isbn={0027-0644},
    Journal={Monthly Weather Review},
    Month={2013/11/18},
    Number={6},
    Pages={1710--1726},
    Publisher={American Meteorological Society},
    Title={Maximum Likelihood Ensemble Filter: Theoretical Aspects.},
    Ty={JOUR},
    Url={http://dx.doi.org/10.1175/MWR2946.1},
    Volume={133},
    Year={2005}
}